@misc{gartner-cloud-spending,
  author = {Gartner Inc.},
  year   = {2022},
  title  = {Press Release},
  note   = {Accessed 2023-02-14. \url{https://www.gartner.com/en/newsroom/press-releases/2022-10-31-gartner-forecasts-worldwide-public-cloud-end-user-spending-to-reach-nearly-600-billion-in-2023}}
}

@misc{l4re-logo,
  author = {Kernkonzept GmbH},
  title  = {L4Re Logo},
  note   = {Accessed 2023-02-14. \url{https://www.kernkonzept.com/wp-content/uploads/2022/05/L4Re_rgb_logo_quadratisch_invertiert-2.png}}
}
