@book{knuth86,
  author    = {Donald E. Knuth},
  title     = {TeX: The Program},
  publisher = {Addison-Wesley},
  year      = {1986}
}
